<record><leader>00000cas a22000007a 4500</leader><controlfield tag="001">15023791</controlfield><controlfield tag="008">861230d19151919inuwr ne      0    0eng d</controlfield><datafield ind1=" " ind2=" " tag="010"><subfield code="a">sn 86059168 </subfield></datafield><datafield ind1=" " ind2=" " tag="040"><subfield code="a">NPI</subfield><subfield code="b">eng</subfield><subfield code="c">NPI</subfield><subfield code="d">OCLCQ</subfield></datafield><datafield ind1=" " ind2=" " tag="042"><subfield code="a">msc</subfield></datafield><datafield ind1="0" ind2="0" tag="245"><subfield code="a">Bicknell herald-news.</subfield></datafield><datafield ind1=" " ind2=" " tag="260"><subfield code="a">Bicknell, Ind. :</subfield><subfield code="b">W.B. Myers</subfield></datafield><datafield ind1=" " ind2=" " tag="310"><subfield code="a">Weekly</subfield></datafield><datafield ind1="1" ind2=" " tag="362"><subfield code="a">Began in 1915; ceased in Apr. 1919.</subfield></datafield><datafield ind1=" " ind2=" " tag="588"><subfield code="a">Description based on: Vol. 24, no. 47 (Aug. 2, 1917).</subfield></datafield><datafield ind1=" " ind2=" " tag="752"><subfield code="a">United States</subfield><subfield code="b">Indiana</subfield><subfield code="c">Knox</subfield><subfield code="d">Bicknell.</subfield></datafield><datafield ind1="0" ind2="0" tag="780"><subfield code="t">Knox County herald-news</subfield></datafield><datafield ind1="0" ind2="7" tag="785"><subfield code="t">Bicknell monitor</subfield><subfield code="w">(DLC)sn 86059164</subfield></datafield><datafield ind1="0" ind2="7" tag="785"><subfield code="t">Bicknell monitor and herald-news</subfield><subfield code="w">(DLC)sn 86059165</subfield></datafield></record>